%% This BibTeX bibliography file was created using BibDesk.
%% https://bibdesk.sourceforge.io/

%% Created for Aleksei at 2023-10-31 12:25:03 +0100 


%% Saved with string encoding Unicode (UTF-8) 


@article{Wilson2019,
  author = {Wilson, A. L. and Davis, C. R.},
  title = {A survey of semantic search techniques},
  journal = {Journal of Information Retrieval},
  volume = {22},
  number = {3},
  pages = {185-207},
  year = {2019},
}
@book{BaezaYates1999,
  author = {Baeza-Yates, Ricardo and Ribeiro-Neto, Berthier},
  title = {Modern Information Retrieval},
  year = {1999},
  publisher = {ACM Press/Addison-Wesley Publishing Co},
}
@book{Manning2008,
  author = {Manning, Christopher D. and Raghavan, Prabhakar and Schütze, Hinrich},
  title = {Introduction to Information Retrieval},
  year = {2008},
  publisher = {Cambridge University Press},
}
@article{Smith2018,
  author = {Smith, John R. and Johnson, Paul W.},
  title = {Challenges and Trends in Semantic Search},
  journal = {ACM Computing Surveys},
  volume = {51},
  number = {3},
  pages = {1-34},
  year = {2018},
}
@online{Singhal2012,
  author = {Singhal, Amit},
  title = {Introducing the Knowledge Graph: Things, Not Strings},
  howpublished = {Google Official Blog},
  year = {2012},
  url = {https://googleblog.blogspot.com/2012/05/introducing-knowledge-graph-things-not.html},
}
@article{Vrandecic2014,
  author = {Vrandecic, Denny and Krötzsch, Markus},
  title = {Wikidata: A Free Collaborative Knowledgebase},
  journal = {Communications of the ACM},
  volume = {57},
  number = {10},
  pages = {78-85},
  year = {2014},
}
@book{Jurafsky2020,
  author = {Jurafsky, Daniel and Martin, James H.},
  title = {Speech and Language Processing (3rd ed.)},
  year = {2020},
  publisher = {Prentice Hall},
}
